<?xml version="1.0" encoding="UTF-8"?><collection xmlns="http://www.loc.gov/MARC21/slim"><record><leader>00403nam--2200133-i-4500</leader><controlfield tag="001">000044591</controlfield><controlfield tag="002">20161230</controlfield><controlfield tag="005">20161230201044</controlfield><controlfield tag="008">060222s1000------------r-----000-0-eng-d</controlfield><datafield ind1=" " ind2=" " tag="080"><subfield code="a">621.319.3:015</subfield></datafield><datafield ind1=" " ind2=" " tag="100"><subfield code="a">Tholome, Roger</subfield></datafield><datafield ind1=" " ind2=" " tag="245"><subfield code="a">Contribution a l`etude d`un generateur electrostatique atransport gazeux. these</subfield></datafield><datafield ind1=" " ind2=" " tag="260"><subfield code="a">Grenoble, L`Universite Scientifique Etmedicale, 1971, 184p</subfield></datafield><datafield ind1=" " ind2=" " tag="852"><subfield code="a">38059</subfield></datafield></record></collection>